@online{Curso,
    author = "GCFGlobal",
    title = "Informática Básica",
    url  = "https://edu.gcfglobal.org/es/informatica-basica/memoria-ram-y-disco-duro/1/",
    addendum = "(accessed: 07.09.2020)",
    keywords = "informática,GCFGlobal"
}
@online{eeprom,
    author = "Ingenieria y mecanica automotriz",
    title = "¿Qué es una memoria EEPROM?",
    url  = "https://www.ingenieriaymecanicaautomotriz.com/que-es-una-memoria-eeprom-y-como-funciona/",
    addendum = "(accessed: 07.09.2020)",
    keywords = "eeprom"
}
@online{rom,
    author = "Tecnología Fácil",
    title = "¿Qué es una memoria ROM?",
    url  = "https://tecnologia-facil.com/que-es/la-memoria-rom/",
    addendum = "(accessed: 07.09.2020)",
    keywords = "rom"
}
@online{gestion,
    author = "Eduhesc",
    title = "Gestión de memoria",
    url  = "https://eduhesc.wordpress.com/2009/06/09/unidad-iii-gestion-de-memoria/",
    addendum = "(accessed: 07.09.2020)",
    keywords = "gestión"
}
